<record><leader>00000cas a22000007a 4500</leader><controlfield tag="001">15810343</controlfield><controlfield tag="008">870604d19391956pausr ne      0    0eng d</controlfield><datafield ind1=" " ind2=" " tag="010"><subfield code="a">sn 87078216 </subfield></datafield><datafield ind1=" " ind2=" " tag="040"><subfield code="a">NPH</subfield><subfield code="b">eng</subfield><subfield code="c">NPH</subfield><subfield code="d">OCLCQ</subfield></datafield><datafield ind1=" " ind2=" " tag="042"><subfield code="a">msc</subfield></datafield><datafield ind1="0" ind2="4" tag="245"><subfield code="a">The Exeter echo.</subfield></datafield><datafield ind1=" " ind2=" " tag="260"><subfield code="a">Exeter, Pa. :</subfield><subfield code="b">Ben G. Anselmi</subfield></datafield><datafield ind1=" " ind2=" " tag="300"><subfield code="a">17 v. :</subfield><subfield code="b">ill. ;</subfield><subfield code="c">32-42 cm.</subfield></datafield><datafield ind1=" " ind2=" " tag="310"><subfield code="a">Semimonthly</subfield></datafield><datafield ind1="0" ind2=" " tag="362"><subfield code="a">Vol. 1, no. 1 (Dec. 30, 1939)- ; -16th yr., 412th issue (Feb. 4, 1956).</subfield></datafield><datafield ind1=" " ind2=" " tag="752"><subfield code="a">United States</subfield><subfield code="b">Pennsylvania</subfield><subfield code="c">Luzerne</subfield><subfield code="d">Exeter.</subfield></datafield><datafield ind1="0" ind2="0" tag="785"><subfield code="t">Echo (Exeter, Pa.)</subfield><subfield code="w">(DLC)sn 87078217</subfield></datafield></record>